<?xml version="1.0" encoding="UTF-8"?><record xmlns="http://www.loc.gov/MARC21/slim" xmlns:cinclude="http://apache.org/cocoon/include/1.0" xmlns:zs="http://www.loc.gov/zing/srw/">
  <leader>00610cz  a2200157n  4500</leader>
  <controlfield tag="001">n 2007027661</controlfield>
  <controlfield tag="003">DLC</controlfield>
  <controlfield tag="005">20070420075045.0</controlfield>
  <controlfield tag="008">070419n| acannaabn          |a aaa      </controlfield>
  <datafield tag="010" ind1=" " ind2=" ">
    <subfield code="a">n 2007027661</subfield>
  </datafield>
  <datafield tag="040" ind1=" " ind2=" ">
    <subfield code="a">DLC</subfield>
    <subfield code="b">eng</subfield>
    <subfield code="c">DLC</subfield>
  </datafield>
  <datafield tag="100" ind1="1" ind2=" ">
    <subfield code="a">Padín Barca, Cristina,</subfield>
    <subfield code="d">1972-</subfield>
  </datafield>
  <datafield tag="400" ind1="1" ind2=" ">
    <subfield code="a">Barca, Cristina Padín,</subfield>
    <subfield code="d">1972-</subfield>
  </datafield>
  <datafield tag="400" ind1="1" ind2=" ">
    <subfield code="a">Padín, Cristina,</subfield>
    <subfield code="d">1972-</subfield>
  </datafield>
  <datafield tag="670" ind1=" " ind2=" ">
    <subfield code="a">Padín Barca, Cristina. Antonio Ordóñez, natural(mente), 2006:</subfield>
    <subfield code="b">t.p. (Cristina Padín Barca) p. 154 (Cristina Padín)</subfield>
  </datafield>
  <datafield tag="670" ind1=" " ind2=" ">
    <subfield code="a">Bib. Nac. de España auth. file, Apr. 19, 2007</subfield>
    <subfield code="b">(hdg.: Padín Barca, Cristina (1972-); b. 1972, Holland)</subfield>
  </datafield>
</record>